@misc{jason_moore,
  title={Learn Multibody Dynamics, SymPy},
  author={Moore, Jason},
  howpublished={\url{https://moorepants.github.io/learn-multibody-dynamics/sympy.html}},
  year={2023}
}

@article{sanagawa2001characteristics,
  title={Characteristics of lift and restoring force in HTS bulk-application to two-dimensional maglev transporter},
  author={Sanagawa, Y and Ueda, H and Tsuda, M and Ishiyama, A and Kohayashi, S and Haseyama, S},
  journal={IEEE transactions on applied superconductivity},
  volume={11},
  number={1},
  pages={1797--1800},
  year={2001},
  publisher={IEEE}
}

@manual{Pols,
  author       = {Pols, Freek},
  title        = {Handleiding Inleidend Practicum TN1405},
  year         = {2024},
  organization = {Delft University of Technology}
}

@book{toulmin2003uses,
  title={The uses of argument},
  author={Toulmin, Stephen E},
  year={2003},
  publisher={Cambridge university press}
}